@book{optik_eugene_hecht,
	edition = {8. Auflage},
	title = {Optik},
	publisher = {De Gruyter Oldenbourg},
	author = {Eugene Hecht},
	date = {2023}
}

@book{cv_hartley_zisserman,
	edition = {2. Auflage},
	title = {Multiple View Geometry in Computer Vision},
	publisher = {Cambridge University Press},
	author = {Hartley, Richard and Zisserman, Andrew},
	date = {2004}
}

@book{tracking_source,
	title = {Augmented Reality: Principles and Practice},
	publisher = {Addison-Wesley Professional},
	author = {Schmalstieg, Dieter and Höllerer, Tobias},
	date = {2016}
}

@book{momente,
	edition = {2. Auflage},
	title = {Digitale Bildverarbeitung : eine Einführung mit Java und ImageJ},
	publisher = {Springer},
	author = {	Burger, Wilhelm and Burge, Mark James},
	date = {2006}
}

@techreport{brooke1986sus,
  author      = {John Brooke},
  title       = {SUS: A Quick and Dirty Usability Scale},
  institution = {Digital Equipment Corporation},
  year        = {1986},
  number      = {TR-38},
  address     = {Reading, UK}
}

@online{uiuxtrendSUS,
  author       = {UIUXTrend},
  title        = {Measuring System Usability Scale (SUS)},
  year         = {2023},
  url          = {https://uiuxtrend.com/measuring-system-usability-scale-sus/},
  note         = {Zugriff am 14. August 2025}
}

@online{lusee_hardware,
  organization = {Lusee AG},
  title        = {Lusee Hardware},
  year         = {n.d.},
  url          = {https://www.lusee.ch/hardware},
  urldate      = {2025-08-12},
  langid       = {german},
  note         = {Produktinformationen zu Lusee Spark, Lusee Pop, und deren Lite-Versionen}
}

@online{benq_pointwrite,
  organization = {BenQ Deutschland GmbH},
  title        = {PointWrite™ PW03 Touch Module},
  year         = {n.d.},
  url          = {https://www.benq.eu/de-de/business/projector/pointwrite-pw03.html},
  urldate      = {2025-08-12},
  langid       = {german},
  note         = {Produktübersicht des PointWrite PW03 Touch-Moduls zur Interaktivität mit BenQ-Projektoren}
}

@online{wiimote,
  author   = {Johnny Chung Lee},
  title    = {Projects – Wiimote},
  year     = {2008},
  url      = {http://johnnylee.net/projects/wii/},
  urldate  = {2025-08-12},
  note     = {Hardware and software demonstrations using the Wiimote for interaction and tracking}
}


@online{wiimote_image,
  organization = {IWR, Universit{\"a}t Heidelberg},
  title        = {Installation des Pakets ``GTK Wiimote Whiteboard''},
  year         = {n.d.},        % no publication year provided
  url          = {https://pille.iwr.uni-heidelberg.de/~whiteboard03/1_WB.html},
  urldate      = {2025-08-11},
  langid       = {german},
  note         = {Zugriff auf Informationen zur Installation und Einrichtung}
}

@online{scdh_humanitas_image_nodate,
  organization = {Swiss Center for Design and Health},
  title     = {Neues Wohnheim Humanitas Stiftung},
  year      = {n.d.},
  url       = {https://www.scdh.ch/de/outputs/neues-wohnheim-humanitas-stiftung},
  urldate   = {2025-08-13},
  langid    = {german},
  note      = {Abbildung zur Überprüfung der Barrierefreiheit und Ergonomie im Neubauprojekt der Humanitas Stiftung}
}

